@article{bunken0,
  title={強化学習を用いた自律多脚車輪型ロボットの脱出行動の環境適応},
  author={西村 祐輝},
  year={2016},
}

@article{bunken1,
  title={Improved Adversarial Systems for 3D Object Generation and Reconstruction},
  author={Edward J. Smith, David Meger},
  year={2017},
}

@article{bunken2,
  title={モデル化した不整地による評価フィールドを用いたレスキューロボットの動作・地図作成能力評価手法の提案},
  author={清水 優, 高橋 友一},
  year={2014},
}

@article{bunken3,
  title={スプライン補間について, https://qiita.com/khidaka/items/84610cd890ecb8443d96},
}

@article{bunken4,
  title={TurtleBotについて, https://www.besttechnology.co.jp/modules/onlineshop/index.php?fct=photo&p=191},
}

@article{bunken5,
  title={JAXA 解決すべき技術課題, https://www.ihub-tansa.jaxa.jp/introduction/themes.html},
}