@article{bunken1,
  title={Improved Adversarial Systems for 3D Object Generation and Reconstruction},
  author={Edward J. Smith and David Meger},
  year={2017},
}

@article{bunken2,
  title={モデル化した不整地による評価フィールドを用いたレスキューロボットの動作・地図作成能力評価手法の提案},
  author={清水 優 and 高橋 友一},
  year={2014},
}